<record><leader>00000cas a22000007i 4500</leader><controlfield tag="001">666483889</controlfield><controlfield tag="006">m     o  d        </controlfield><controlfield tag="007">cr |||||||||||</controlfield><controlfield tag="008">100928d18851921hiudn neo     0   a0eng d</controlfield><datafield ind1=" " ind2=" " tag="010"><subfield code="a">  2014218625</subfield></datafield><datafield ind1=" " ind2=" " tag="040"><subfield code="a">CUI</subfield><subfield code="b">eng</subfield><subfield code="c">CUI</subfield><subfield code="d">OCLCF</subfield><subfield code="d">DLC</subfield></datafield><datafield ind1="0" ind2=" " tag="022"><subfield code="a">2375-3145</subfield><subfield code="2">1</subfield></datafield><datafield ind1="1" ind2=" " tag="029"><subfield code="a">NZ1</subfield><subfield code="b">16037292</subfield></datafield><datafield ind1=" " ind2=" " tag="042"><subfield code="a">msc</subfield><subfield code="a">nsdp</subfield></datafield><datafield ind1=" " ind2=" " tag="043"><subfield code="a">n-us-hi</subfield></datafield><datafield ind1="1" ind2="0" tag="050"><subfield code="a">ISSN RECORD</subfield></datafield><datafield ind1=" " ind2="4" tag="050"><subfield code="a">AN</subfield></datafield><datafield ind1="0" ind2="0" tag="082"><subfield code="a">071</subfield><subfield code="2">23</subfield></datafield><datafield ind1="0" ind2=" " tag="130"><subfield code="a">Pacific commercial advertiser (1885 : Online)</subfield></datafield><datafield ind1=" " ind2="4" tag="222"><subfield code="a">The Pacific commercial advertiser</subfield><subfield code="b">(1885. Online)</subfield></datafield><datafield ind1="1" ind2="4" tag="245"><subfield code="a">The Pacific commercial advertiser.</subfield></datafield><datafield ind1="1" ind2=" " tag="246"><subfield code="a">Daily Pacific commercial advertiser</subfield><subfield code="f">Jan.-Aug. 20, 1885</subfield></datafield><datafield ind1=" " ind2=" " tag="260"><subfield code="a">Honolulu, Hawaiian Islands :</subfield><subfield code="b">[publisher not identified],</subfield><subfield code="c">1885-</subfield></datafield><datafield ind1=" " ind2=" " tag="300"><subfield code="a">1 online resource</subfield></datafield><datafield ind1=" " ind2=" " tag="310"><subfield code="a">Daily (except Sun.)</subfield></datafield><datafield ind1=" " ind2=" " tag="336"><subfield code="a">text</subfield><subfield code="b">txt</subfield><subfield code="2">rdacontent</subfield></datafield><datafield ind1=" " ind2=" " tag="337"><subfield code="a">computer</subfield><subfield code="b">c</subfield><subfield code="2">rdamedia</subfield></datafield><datafield ind1=" " ind2=" " tag="338"><subfield code="a">online resource</subfield><subfield code="b">cr</subfield><subfield code="2">rdacarrier</subfield></datafield><datafield ind1="1" ind2=" " tag="362"><subfield code="a">Began with vol. III, no. 215 (January 10, 1885); ceased with v. 64, no. 12,276 (Mar. 30, 1921).</subfield></datafield><datafield ind1=" " ind2=" " tag="500"><subfield code="a">Issue for Aug. 4, 1898 also called: "Boys in blue edition."</subfield></datafield><datafield ind1=" " ind2=" " tag="500"><subfield code="a">Republican. Cf. Ayer, 1921.</subfield></datafield><datafield ind1=" " ind2=" " tag="580"><subfield code="a">Until May 1888, issued concurrently with a weekly newspaper of the same title: Pacific commercial advertiser (Honolulu, Hawaii : 1856).</subfield></datafield><datafield ind1=" " ind2=" " tag="588"><subfield code="a">Description based on: Vol. III, no. 215 (January 10, 1885); title from masthead (Chroniclingamerica.loc.gov, viewed October 8, 2014).</subfield></datafield><datafield ind1=" " ind2=" " tag="588"><subfield code="a">Latest issue consulted: Vol. LII, no. 8860 (December 31, 1910) (Chroniclingamerica.loc.gov, viewed October 8, 2014).</subfield></datafield><datafield ind1=" " ind2="0" tag="651"><subfield code="a">Honolulu (Hawaii)</subfield><subfield code="v">Newspapers.</subfield></datafield><datafield ind1=" " ind2="7" tag="651"><subfield code="a">Hawaii</subfield><subfield code="z">Honolulu.</subfield><subfield code="2">fast</subfield><subfield code="0">(OCoLC)fst01204916</subfield></datafield><datafield ind1=" " ind2="7" tag="655"><subfield code="a">Newspapers.</subfield><subfield code="2">fast</subfield><subfield code="0">(OCoLC)fst01423814</subfield></datafield><datafield ind1=" " ind2=" " tag="752"><subfield code="a">United States</subfield><subfield code="b">Hawaii</subfield><subfield code="c">Honolulu</subfield><subfield code="d">Honolulu.</subfield></datafield><datafield ind1="0" ind2=" " tag="775"><subfield code="t">Pacific commercial advertiser (Honolulu, Hawaii : 1856 : Online)</subfield><subfield code="x">2332-0664</subfield><subfield code="w">(DLC)  2013272074</subfield><subfield code="w">(OCoLC)192107474</subfield></datafield><datafield ind1="0" ind2="8" tag="776"><subfield code="i">Originally issued in print:</subfield><subfield code="t">Pacific commercial advertiser (1885)</subfield><subfield code="x">2375-3137</subfield><subfield code="w">(DLC)sn 85047084</subfield><subfield code="w">(OCoLC)12025660</subfield></datafield><datafield ind1="0" ind2="0" tag="780"><subfield code="t">Daily Pacific commercial advertiser (Online)</subfield></datafield><datafield ind1="0" ind2="0" tag="785"><subfield code="t">Honolulu advertiser (Online)</subfield></datafield><datafield ind1="4" ind2=" " tag="856"><subfield code="u">http://gale.cengage.com/usnewspapers/</subfield><subfield code="z">Available to subscribing institutions</subfield></datafield><datafield ind1="4" ind2="0" tag="856"><subfield code="u">http://www.loc.gov/chroniclingamerica/lccn/sn85047084/issues</subfield></datafield></record>